<record><leader>00000cas a22000007a 4500</leader><controlfield tag="001">12632537</controlfield><controlfield tag="008">851003d18701884nyuwr ne      0    0eng d</controlfield><datafield ind1=" " ind2=" " tag="010"><subfield code="a">sn 85026828 </subfield></datafield><datafield ind1=" " ind2=" " tag="040"><subfield code="a">NPX</subfield><subfield code="b">eng</subfield><subfield code="c">NPX</subfield><subfield code="d">NYS</subfield><subfield code="d">OCLCQ</subfield></datafield><datafield ind1=" " ind2=" " tag="042"><subfield code="a">msc</subfield></datafield><datafield ind1="0" ind2=" " tag="130"><subfield code="a">Naples record (Naples, N.Y. : 1870)</subfield></datafield><datafield ind1="1" ind2="4" tag="245"><subfield code="a">The Naples record.</subfield></datafield><datafield ind1=" " ind2=" " tag="260"><subfield code="a">Naples, N.Y. :</subfield><subfield code="b">Deyo &amp; Johnson,</subfield><subfield code="c">1870-1884.</subfield></datafield><datafield ind1=" " ind2=" " tag="300"><subfield code="a">v.</subfield></datafield><datafield ind1=" " ind2=" " tag="310"><subfield code="a">Weekly</subfield></datafield><datafield ind1=" " ind2=" " tag="321"><subfield code="a">Semimonthly,</subfield><subfield code="b">Feb. 1, 1870-Aug. 13, 1870</subfield></datafield><datafield ind1="0" ind2=" " tag="362"><subfield code="a">Vol. 1, no. 1 (Feb. 1, 1870)-v. 16, no. 6 (Feb. 7, 1884).</subfield></datafield><datafield ind1=" " ind2=" " tag="500"><subfield code="a">Publishers: Deyo &amp; Johnson, 1870-1873; S.L. Deyo &amp; R.M. McJannett, 1873-1874; S.L. Deyo &amp; Co., 1874-1878; S.L. Deyo, 1878; Davis &amp; Tellier, 1878; Miles A. Davis, 1879; R.M. McJannett, 1879-1884.</subfield></datafield><datafield ind1=" " ind2="4" tag="651"><subfield code="a">Naples (N.Y.)</subfield><subfield code="v">Newspapers.</subfield></datafield><datafield ind1=" " ind2=" " tag="752"><subfield code="a">United States</subfield><subfield code="b">New York</subfield><subfield code="c">Ontario</subfield><subfield code="d">Naples.</subfield></datafield><datafield ind1="0" ind2=" " tag="775"><subfield code="t">Naples daily record</subfield><subfield code="w">(DLC)sn 88074474</subfield></datafield><datafield ind1="0" ind2="7" tag="785"><subfield code="t">Neapolitan (Naples, N.Y. : 1879)</subfield><subfield code="w">(DLC)sn 88074473</subfield></datafield><datafield ind1="0" ind2="7" tag="785"><subfield code="t">Neapolitan record</subfield><subfield code="w">(DLC)sn 88074479</subfield></datafield><datafield ind1="1" ind2=" " tag="029"><subfield code="a">AU@</subfield><subfield code="b">000024692231</subfield></datafield></record>